<record><leader>00000cas a2200000 a 4500</leader><controlfield tag="001">12411522</controlfield><controlfield tag="008">850822d19531957ksuwr ne      0    0eng d</controlfield><datafield ind1=" " ind2=" " tag="010"><subfield code="a">sn 85031854 </subfield></datafield><datafield ind1=" " ind2=" " tag="040"><subfield code="a">KSH</subfield><subfield code="b">eng</subfield><subfield code="c">KSH</subfield><subfield code="d">NPT</subfield><subfield code="d">OCL</subfield><subfield code="d">OCLCQ</subfield></datafield><datafield ind1=" " ind2=" " tag="042"><subfield code="a">msc</subfield></datafield><datafield ind1="0" ind2="0" tag="245"><subfield code="a">Monitor regent.</subfield></datafield><datafield ind1="1" ind2="3" tag="246"><subfield code="a">Leonardville monitor, Riley regent</subfield><subfield code="f">Mar. 5-26, 1953</subfield></datafield><datafield ind1=" " ind2=" " tag="260"><subfield code="a">Leonardville, Kan. :</subfield><subfield code="b">Lawrence W. Marcellus,</subfield><subfield code="c">1953-1957.</subfield></datafield><datafield ind1=" " ind2=" " tag="300"><subfield code="a">5 v. :</subfield><subfield code="b">ill. ;</subfield><subfield code="c">55 cm.</subfield></datafield><datafield ind1=" " ind2=" " tag="310"><subfield code="a">Weekly</subfield></datafield><datafield ind1="0" ind2=" " tag="362"><subfield code="a">Vol. 69, no. 48 (Mar. 5, 1953)-v. 74, no. 8 (May 30, 1957).</subfield></datafield><datafield ind1=" " ind2=" " tag="752"><subfield code="a">United States</subfield><subfield code="b">Kansas</subfield><subfield code="c">Riley</subfield><subfield code="d">Leonardville.</subfield></datafield><datafield ind1="0" ind2="4" tag="780"><subfield code="t">Leonardville monitor (Leonardville, Kan. : 1914)</subfield><subfield code="w">(DLC)sn 85031853</subfield></datafield><datafield ind1="0" ind2="4" tag="780"><subfield code="t">Riley regent (Riley, Kan. : 1910)</subfield><subfield code="w">(DLC)sn 85031913</subfield></datafield><datafield ind1="0" ind2="7" tag="785"><subfield code="t">Blue Valley news</subfield><subfield code="w">(DLC)sn 85031864</subfield></datafield><datafield ind1="0" ind2="7" tag="785"><subfield code="t">Riley countian</subfield><subfield code="w">(DLC)sn 85031855</subfield></datafield><datafield ind1="1" ind2=" " tag="029"><subfield code="a">AU@</subfield><subfield code="b">000022164547</subfield></datafield></record>